=LDR  02146 am a2200421ua 4500
=001  018320913
=003  Uk
=005  20170824150608.0
=007  cr\mn\024mpada
=008  950201s1830\\\\enk\\\\|s\\\\o000\||eng\\
=FMT  \\$a  BK
=019  1\$ar7307261
=040  \\$aUk$cUk
=245  00$aWarrant regulating the provision of clothing, necessaries, accoutrements and appointments, for corps of cavalry /$c[H. Hardinge].
=260  \\$a[London] :$b[War Office],$c1830.
=300  \\$a29p. ;$c21cm.
=336  \\$atext$2rdacontent
=337  \\$acomputer$2rdamedia
=338  \\$aonline$2rdacarrier
=610  14$aGreat Britain.$bArmy$xCavalry$xHistory.
=700  1\$aHardinge, H.
=856  41$uhttps://books.google.co.uk/books?vid=BL:A0022391941
=859  \\$aXLD$bGOOGLEBOOKS
=852  4\$cDRT$jDigital Store RB.23.a.7276$aBritish Library$bHMNTS$3With MS amendments and additions
=957  \\$a800715p
=CAT  \\$aBATCH-DCW$b00$c20170429$lBLL01$h0205
=CAT  \\$a9477$b40$c20170824$lBLL01$h1424
=CAT  \\$a9477$b40$c20170824$lBLL01$h1506
=CAT  \\$aR1710-0956$b00$c20171120$lBLL01$h1718
=FIN  \\$aY$d20170429
=LKR  \\$aPAR$lBLL01$r776$b011283149$mWarrant regulating the provision of clothing, necessaries, accoutrements and appointments, for corps of cavalry /$nWarrant regulating the provision of clothing, necessaries, accoutrements and appointments, for corps of cavalry /
=LKR  \\$aPAR$b015319288$lBLL01$r776$mWarrant regulating the provision of clothing, necessaries, accoutrements and appointments, for corps of cavalry /$nWarrant for establishing certain regulations relative to the clothing and appointments of the cavalry. Dated 27th July 1796.
=LKR  \\$aPAR$b015319289$lBLL01$r776$mWarrant regulating the provision of clothing, necessaries, accoutrements and appointments, for corps of cavalry /$nWarrant for regulating the clothing of regiments in the East and West Indies. Dated the 30th of November, 1796.
=DGM  \\$a011283149$bCatBridge variable field
=DRT  \\$aGOOGLEBOOKS
=SRC  \\$aGOOGLEBOOKS$bGoogleBooks_20170428
=OHC  \\$a1
=LAS  \\$aR1710-0956$b00$c20171120$lBLL01$h1718

