=LDR  01550 cm a22003857  4500
=001  018399014
=003  Uk
=005  20190212115534.0
=007  cr\mn\024mpada
=008  930322s1764\\\\fr\|||\|s||||||||\\\fre\|
=FMT  \\$a  MU
=019  d\$aef00760008
=040  \\$aUk$cUk
=082  14$a780$215
=100  1\$aLagarde, Pierre de,$d1717-approximately 1792.
=245  13$aLe bouquet :$bcantatille, pour un dessus avec accompagnement de violon, basse, et clavecin /$ccomposé par M. de Lagarde ... tirée du Journal de musique.
=260  \\$aA Paris :$baux adresses ordinaires de musique :$c1764.
=300  \\$a17 pages ;$cobl 4̊
=336  \\$anotated music$2rdacontent
=337  \\$acomputer$2rdamedia
=338  \\$aonline$2rdacarrier
=859  \\$aXLD$bGOOGLEBOOKS
=856  \\$uhttps://books.google.co.uk/books?vid=BL:A0022609289
=852  4\$aBritish Library$bMUSIC$cDRT$jDigital Store C.640.b.(4.)
=CAT  \\$aBATCH-DCW$b00$c20170630$lBLL01$h0201
=CAT  \\$aR1710-0956$b00$c20171120$lBLL01$h1719
=CAT  \\$a9477$b40$c20190201$lBLL01$h1236
=CAT  \\$a9477$b40$c20190212$lBLL01$h1155
=FIN  \\$aY$d20170630
=LKR  \\$aPAR$b004463669$lBLL01$r776$mLe bouquet : cantatille, pour un dessus avec accompagnement de violon, basse, et clavecin /$nLe bouquet : cantatille, pour un dessus avec accompagnement de violon, basse, et clavecin /
=DGM  \\$a004463669$bCatBridge variable field
=DRT  \\$aGOOGLEBOOKS
=SRC  \\$aGOOGLEBOOKS$bGoogleBooks_20170629
=OHC  \\$a1
=LAS  \\$a9477$b40$c20190212$lBLL01$h1155

